@article{initial_separation,
    author = "Mike Marston and Gabe Baca",
    title = "ACAS-Xu initial self-separation flight tests",
    journal = "NASA Technical Reports Server",
    year = "2015",
    url = "https://ntrs.nasa.gov/api/citations/20150008347/downloads/20150008347.pdf"
}
@article{introduction,
    title = "An Introduction to ACAS Xu and the Challenges Ahead",
    url = "https://enac.hal.science/hal-01638049/file/acasxu.pdf"
}
@article{abcrown,
    title = "Alpha-Beta-Crown: Neural Network Verifier",
    url = "https://medium.com/@vishalisrinivasan97/alpha-beta-crown-neural-network-verifier-425281f29712"
}

@article{neuralsat,
    title = "NeuralSAT: A DPLL(T) Framework for Verifying Deep Neural Networks",
    url = "https://github.com/dynaroars/neuralsat"
}
@article{dpllt,
    title = "Davis–Putnam–Logemann–Loveland",
    url = "https://www.cs.upc.edu/~oliveras/dpllt.pdf"
}
@article{reluplex,
    title = "Reluplex: An Efficient SMT Solver for Verifying Deep Neural Networks",
    url = "https://www.researchgate.net/figure/Geometry-for-ACAS-Xu-Horizontal-Logic-Table\_fig2\_313394663"
}
@article{abstraction_art,
    title = "ART: Abstraction Refinement-Guided Training for Provably Correct Neural Networks",
    url = "https://www.researchgate.net/figure/The-ACAS-Xu-System-adapted-from-Katz-et-al-2017_fig1_334695061"
}
@article{collision,
    title = "Evaluation of Neural Network Verification Methods for Air-to-Air Collision Avoidance",
    url = "https://arc.aiaa.org/doi/10.2514/1.D0255"
}
@article{git1,
    title = "Alpha Beta CROWN Repository",
    url = "https://github.com/Verified-Intelligence/alpha-beta-CROWN"
}
@article{git2,
    title = "Auto LIRPA Repository",
    url = "https://github.com/Verified-Intelligence/auto_LiRPA/"
}
@article{git3,
    title = "NeuralSAT Repository",
    url = "https://github.com/dynaroars/neuralsat"
}
@article{git4,
    title = "Benchmarks' Archive",
    url = "https://github.com/ChristopherBrix/vnncomp2023\_benchmarks/tree/main"
}
@article{fisiere,
    title = "The Fourth International Verification of Neural Networks Competition (VNN-COMP 2023): Summary and Results",
    author = "Stanley Bak, Christopher Brix, Taylor Johnson, Changliu Liu, and David Shriver",
    url = "https://github.com/ChristopherBrix/vnncomp2023_results/blob/main/SCORING/latex/main.pdf"
}

@article{miniconda,
    title = "Quick command line install Miniconda3",
    url = "https://docs.conda.io/projects/miniconda/en/latest/"}
@article{ref1,
    title = "Rezultatul complet Alpha-Beta-CROWN",
    url = "https://github.com/IoanaTodoca/VerificareFormalaProiect/blob/main/Versiunea_Finala/rezultat_abcrown.txt"}
@article{ref2,
    title = "Comparatie Rezultate Alpha-Beta-CROWN",
    url = "https://github.com/IoanaTodoca/VerificareFormalaProiect/blob/main/Versiunea_Finala/results_ABCROWN.csv"}

@article{ref3,
    title = "Rezultatul complet NeuralSAT",
    url = "https://github.com/IoanaTodoca/VerificareFormalaProiect/blob/main/Versiunea_Finala/rezultat_neuralsat.txt"}
@article{ref4,
    title = "Comparatie Rezultate NeuralSAT",
    url = "https://github.com/IoanaTodoca/VerificareFormalaProiect/blob/main/Versiunea_Finala/results_NeuralSat.csv"}
@article{format,
    title = "Formal Verification of Neural Networks",
    url = "https://cds.cern.ch/record/2867415/files/NNVerif_CERN_Report.pdf"}